<record><leader>00000cas a2200000 a 4500</leader><controlfield tag="001">11276245</controlfield><controlfield tag="008">841017d18851897nmudn ne      0   a0eng  </controlfield><datafield ind1=" " ind2=" " tag="010"><subfield code="a">sn 84020631 </subfield></datafield><datafield ind1=" " ind2=" " tag="040"><subfield code="a">DLC</subfield><subfield code="b">eng</subfield><subfield code="c">DLC</subfield><subfield code="d">UNP</subfield><subfield code="d">PPM</subfield><subfield code="d">NVM</subfield><subfield code="d">CNK</subfield><subfield code="d">NVM</subfield><subfield code="d">DLC</subfield><subfield code="d">CUS</subfield><subfield code="d">OCLCQ</subfield><subfield code="d">OCLCO</subfield><subfield code="d">OCLCF</subfield><subfield code="d">OCLCO</subfield><subfield code="d">CUS</subfield><subfield code="d">IUL</subfield><subfield code="d">OCLCO</subfield><subfield code="d">DLC</subfield><subfield code="d">OCLCO</subfield></datafield><datafield ind1="0" ind2=" " tag="022"><subfield code="a">2474-4379</subfield><subfield code="2">1</subfield></datafield><datafield ind1="1" ind2=" " tag="029"><subfield code="a">AU@</subfield><subfield code="b">000022105249</subfield></datafield><datafield ind1=" " ind2=" " tag="042"><subfield code="a">pcc</subfield><subfield code="a">nsdp</subfield></datafield><datafield ind1=" " ind2=" " tag="043"><subfield code="a">n-us-nm</subfield></datafield><datafield ind1="0" ind2="0" tag="050"><subfield code="a">Newspaper</subfield></datafield><datafield ind1="1" ind2="4" tag="050"><subfield code="a">E184.S75</subfield></datafield><datafield ind1="1" ind2="0" tag="082"><subfield code="a">071</subfield><subfield code="2">23</subfield></datafield><datafield ind1="0" ind2=" " tag="130"><subfield code="a">Santa Fe daily New Mexican (Santa Fe, N.M. : 1885)</subfield></datafield><datafield ind1=" " ind2="0" tag="222"><subfield code="a">Santa Fe daily New Mexican</subfield><subfield code="b">(Santa Fe, N.M. 1885. Print)</subfield></datafield><datafield ind1="1" ind2="0" tag="245"><subfield code="a">Santa Fe daily New Mexican.</subfield></datafield><datafield ind1="1" ind2="7" tag="246"><subfield code="a">Daily New Mexican</subfield></datafield><datafield ind1=" " ind2=" " tag="260"><subfield code="a">Santa Fe, N.M. :</subfield><subfield code="b">C.B. Hayward,</subfield><subfield code="c">1885-1897.</subfield></datafield><datafield ind1=" " ind2=" " tag="300"><subfield code="a">volumes</subfield></datafield><datafield ind1=" " ind2=" " tag="310"><subfield code="a">Daily (except Sunday)</subfield></datafield><datafield ind1=" " ind2=" " tag="336"><subfield code="a">text</subfield><subfield code="b">txt</subfield><subfield code="2">rdacontent</subfield></datafield><datafield ind1=" " ind2=" " tag="337"><subfield code="a">unmediated</subfield><subfield code="b">n</subfield><subfield code="2">rdamedia</subfield></datafield><datafield ind1=" " ind2=" " tag="338"><subfield code="a">volume</subfield><subfield code="b">nc</subfield><subfield code="2">rdacarrier</subfield></datafield><datafield ind1="0" ind2=" " tag="362"><subfield code="a">Vol. 22, no. 116 (July 7, 1885)-v. 34, no. 263 (Dec. 31, 1897).</subfield></datafield><datafield ind1=" " ind2=" " tag="500"><subfield code="a">Microfilm published by BMI Imaging Systems; Issued in series: Chicano serials collection.</subfield></datafield><datafield ind1=" " ind2=" " tag="500"><subfield code="a">Filmed with other titles.</subfield></datafield><datafield ind1=" " ind2=" " tag="530"><subfield code="a">Available on microfilm from the Genealogical Society of Utah, Southwest Publishing, Inc., and the Library of Congress, Photodupliction Service.</subfield></datafield><datafield ind1=" " ind2=" " tag="530"><subfield code="a">Archived issues are available in digital format from the Library of Congress Chronicling America online collection.</subfield></datafield><datafield ind1=" " ind2=" " tag="580"><subfield code="a">Weekly eds: Santa Fe weekly New Mexican and live stock journal, July 9, 1885-&lt;Dec. 29, 1887&gt;, and: Santa Fe weekly New Mexican, &lt;Jan. 19&gt;-Feb. 2, 1888, and: Weekly New Mexican review (Santa Fe, N.M. : 1888), Feb. 9, 1888-&lt;Dec. 26, 1895).</subfield></datafield><datafield ind1=" " ind2="0" tag="651"><subfield code="a">Santa Fe (N.M.)</subfield><subfield code="v">Newspapers.</subfield></datafield><datafield ind1=" " ind2="0" tag="651"><subfield code="a">Santa Fe County (N.M.)</subfield><subfield code="v">Newspapers.</subfield></datafield><datafield ind1=" " ind2="0" tag="650"><subfield code="a">Hispanic Americans</subfield><subfield code="z">New Mexico</subfield><subfield code="z">Santa Fe</subfield><subfield code="v">Newspapers.</subfield></datafield><datafield ind1=" " ind2="0" tag="650"><subfield code="a">Hispanic Americans</subfield><subfield code="v">Newspapers.</subfield></datafield><datafield ind1=" " ind2="7" tag="650"><subfield code="a">Hispanic Americans.</subfield><subfield code="2">fast</subfield><subfield code="0">(OCoLC)fst00957523</subfield></datafield><datafield ind1=" " ind2="7" tag="651"><subfield code="a">New Mexico</subfield><subfield code="z">Santa Fe.</subfield><subfield code="2">fast</subfield><subfield code="0">(OCoLC)fst01205208</subfield></datafield><datafield ind1=" " ind2="7" tag="651"><subfield code="a">New Mexico</subfield><subfield code="z">Santa Fe County.</subfield><subfield code="2">fast</subfield><subfield code="0">(OCoLC)fst01216898</subfield></datafield><datafield ind1=" " ind2="7" tag="655"><subfield code="a">Newspapers.</subfield><subfield code="2">fast</subfield><subfield code="0">(OCoLC)fst01423814</subfield></datafield><datafield ind1=" " ind2=" " tag="752"><subfield code="a">United States</subfield><subfield code="b">New Mexico</subfield><subfield code="c">Santa Fe</subfield><subfield code="d">Santa Fe.</subfield></datafield><datafield ind1="1" ind2=" " tag="775"><subfield code="t">Santa Fe weekly new Mexican and live stock journal</subfield><subfield code="w">(DLC)sn 86090977</subfield><subfield code="w">(OCoLC)15306586</subfield></datafield><datafield ind1="1" ind2=" " tag="775"><subfield code="t">Santa Fe weekly new Mexican</subfield><subfield code="w">(DLC)sn 87068472</subfield><subfield code="w">(OCoLC)16885649</subfield></datafield><datafield ind1="1" ind2=" " tag="775"><subfield code="t">Weekly new Mexican review (Santa Fe, N.M. : 1888)</subfield><subfield code="w">(DLC)sn 86090976</subfield><subfield code="w">(OCoLC)15306298</subfield></datafield><datafield ind1="0" ind2="8" tag="776"><subfield code="i">Online version:</subfield><subfield code="t">Santa Fe daily new Mexican (Santa Fe, N.M. : 1885)</subfield><subfield code="x">2474-4387</subfield><subfield code="w">(DLC)  2016271178</subfield><subfield code="w">(OCoLC)742638585</subfield></datafield><datafield ind1="0" ind2="0" tag="780"><subfield code="t">Santa Fe daily New Mexican review</subfield><subfield code="w">(DLC)sn 93061740</subfield><subfield code="w">(OCoLC)29267235</subfield></datafield><datafield ind1="0" ind2="0" tag="785"><subfield code="t">Santa Fe New Mexican (Santa Fe, N.M. : 1898)</subfield><subfield code="x">2474-4352</subfield><subfield code="w">(DLC)sn 84020630</subfield><subfield code="w">(OCoLC)11276373</subfield></datafield><datafield ind1="4" ind2="0" tag="856"><subfield code="u">http://infoweb.newsbank.com/?db=EANX&amp;s_browseRef=decades/10FE7A0DDA971548/all.xml</subfield></datafield><datafield ind1="4" ind2="1" tag="856"><subfield code="u">http://chroniclingamerica.loc.gov/lccn/sn84020631/issues/</subfield></datafield></record>